@article{explanation-features,
    title={First and second order statistics features for classification of magnetic resonance brain images},
    author={Aggarwal, Namita and Agrawal, RK},
    year={2012},
    publisher={Scientific Research Publishing}
}

